<record><leader>00000cas a22000007a 4500</leader><controlfield tag="001">21124232</controlfield><controlfield tag="008">900226d19541971mouwr ne      0    0eng d</controlfield><datafield ind1=" " ind2=" " tag="010"><subfield code="a">sn 90061281 </subfield></datafield><datafield ind1=" " ind2=" " tag="040"><subfield code="a">MQN</subfield><subfield code="b">eng</subfield><subfield code="c">MQN</subfield><subfield code="d">OCLCQ</subfield><subfield code="d">OCLCF</subfield><subfield code="d">OCLCO</subfield></datafield><datafield ind1=" " ind2=" " tag="042"><subfield code="a">msc</subfield></datafield><datafield ind1=" " ind2=" " tag="043"><subfield code="a">n-us-mo</subfield></datafield><datafield ind1="0" ind2="4" tag="245"><subfield code="a">The Webster advertiser.</subfield></datafield><datafield ind1=" " ind2=" " tag="260"><subfield code="a">Webster Groves, Mo. :</subfield><subfield code="b">Jack Thiess</subfield></datafield><datafield ind1=" " ind2=" " tag="300"><subfield code="a">v.</subfield></datafield><datafield ind1=" " ind2=" " tag="310"><subfield code="a">Weekly</subfield></datafield><datafield ind1="1" ind2=" " tag="362"><subfield code="a">Began in 1954? Ceased in 1971?</subfield></datafield><datafield ind1=" " ind2=" " tag="588"><subfield code="a">Description based on: Vol. 8, no. 6 (Jan. 3, 1963).</subfield></datafield><datafield ind1=" " ind2="0" tag="651"><subfield code="a">Webster Groves (Mo.)</subfield><subfield code="v">Newspapers.</subfield></datafield><datafield ind1=" " ind2="7" tag="655"><subfield code="a">Newspapers.</subfield><subfield code="2">fast</subfield><subfield code="0">(OCoLC)fst01423814</subfield></datafield><datafield ind1=" " ind2="7" tag="651"><subfield code="a">Missouri</subfield><subfield code="z">Webster Groves.</subfield><subfield code="2">fast</subfield><subfield code="0">(OCoLC)fst01230203</subfield></datafield><datafield ind1=" " ind2=" " tag="752"><subfield code="a">United States</subfield><subfield code="b">Missouri</subfield><subfield code="c">Saint Louis</subfield><subfield code="d">Webster Groves.</subfield></datafield><datafield ind1="0" ind2="5" tag="780"><subfield code="t">News-times (Webster Groves, Mo.)</subfield><subfield code="w">(DLC)sn 94055102</subfield></datafield></record>